<?xml version="1.0" encoding="UTF-8"?><collection xmlns="http://www.loc.gov/MARC21/slim"><record><leader>00445nam--2200169-u-4500</leader><controlfield tag="001">000055614</controlfield><controlfield tag="002">20161230</controlfield><controlfield tag="005">20161230201052</controlfield><controlfield tag="008">130301s1000------------r-----000-0-eng-d</controlfield><datafield ind1=" " ind2=" " tag="040"><subfield code="a">IFIN-HH</subfield></datafield><datafield ind1=" " ind2=" " tag="080"><subfield code="a">413.232</subfield></datafield><datafield ind1="1" ind2=" " tag="100"><subfield code="a">Irinievici, Paul</subfield></datafield><datafield ind1="1" ind2="0" tag="245"><subfield code="a">Dictionar tehnic petrol-gaze</subfield><subfield code="b">Englez-roman-rus</subfield><subfield code="c">Paul irinievici</subfield></datafield><datafield ind1=" " ind2=" " tag="260"><subfield code="a">Bucuresti</subfield><subfield code="b">Editura Tehnica</subfield><subfield code="c">1963</subfield></datafield><datafield ind1=" " ind2=" " tag="300"><subfield code="a">553P</subfield></datafield><datafield ind1=" " ind2=" " tag="852"><subfield code="a">D.393</subfield><subfield code="c">SLC</subfield></datafield><datafield ind1=" " ind2=" " tag="CAT"><subfield code="a">Sys</subfield><subfield code="c">20130301</subfield><subfield code="h">110321</subfield></datafield></record></collection>